@article{test,
  author = {John Smith},
  title = {The Amazing World of LaTeX},
  journal = {Journal of LaTeX},
  year = {2021},
  volume = {1},
  number = {1},
  pages = {1-10},
}

@article{kanders_1_2019,
	title = {A 1 {Million}-{Point} {FFT} on a {Single} {FPGA}},
	volume = {66},
	issn = {1549-8328, 1558-0806},
	url = {https://ieeexplore.ieee.org/document/8734795/},
	doi = {10.1109/TCSI.2019.2918403},
	number = {10},
	urldate = {2024-03-05},
	journal = {IEEE Transactions on Circuits and Systems I: Regular Papers},
	author = {Kanders, Hans and Mellqvist, Tobias and Garrido, Mario and Palmkvist, Kent and Gustafsson, Oscar},
	month = oct,
	year = {2019},
	keywords = {notion},
	pages = {3863--3873},
}

@inproceedings{suk_8192_2003,
	title = {A 8192 complex point {FFT}/{IFFT} for {COFDM} modulation scheme in {DVB}-{T} system},
	url = {https://ieeexplore.ieee.org/document/1241478},
	doi = {10.1109/SOC.2003.1241478},
	urldate = {2024-03-05},
	booktitle = {{IEEE} {International} [{Systems}-on-{Chip}] {SOC} {Conference}, 2003. {Proceedings}.},
	author = {Suk, Jung-Hee and Kim, Dae-Won and Kwon, Taek-Won and Hyung, Suk-Kun and Choi, Jun-rim},
	month = sep,
	year = {2003},
	keywords = {notion, Europe, Computer science, Data processing, Demodulation, Digital audio broadcasting, Digital video broadcasting, Frequency synchronization, Read only memory, Silicon compounds, TV broadcasting},
	pages = {131--134},
}

@ARTICLE{jens,
  author={Misaridis, T. and Jensen, J.A.},
  journal={IEEE Transactions on Ultrasonics, Ferroelectrics, and Frequency Control}, 
  title={Use of modulated excitation signals in medical ultrasound. Part III: high frame rate imaging}, 
  year={2005},
  volume={52},
  number={2},
  pages={208-219},
  keywords={Ultrasonic imaging;Biomedical imaging;Acoustic imaging;Image quality;Autocorrelation;Matched filters;Phased arrays;Filtering;Modulation coding;Degradation},
  doi={10.1109/TUFFC.2005.1406547}}

@inproceedings{puchala_effectiveness_2015,
	title = {Effectiveness of {Fast} {Fourier} {Transform} implementations on {GPU} and {CPU}},
	url = {https://ieeexplore.ieee.org/document/7333365/?arnumber=7333365&tag=1},
	doi = {10.1109/CPEE.2015.7333365},
	urldate = {2024-11-13},
	booktitle = {2015 16th {International} {Conference} on {Computational} {Problems} of {Electrical} {Engineering} ({CPEE})},
	author = {Puchała, Dariusz and Stokfiszewski, Kamil and Yatsymirskyy, Mykhaylo and Szczepaniak, Bartłomiej},
	month = sep,
	year = {2015},
	keywords = {Decision support systems, fast fourier transform, general purpose GPU computations, notion, parallel computations},
	pages = {162--164},
	file = {Full Text PDF:/home/knallbob/Zotero/storage/LHPLPXLT/Puchała et al. - 2015 - Effectiveness of Fast Fourier Transform implementa.pdf:application/pdf;IEEE Xplore Abstract Record:/home/knallbob/Zotero/storage/5LMDISRQ/7333365.html:text/html},
}

@inproceedings{lloyd_fast_2008,
	title = {Fast computation of general {Fourier} {Transforms} on {GPUS}},
	url = {https://ieeexplore.ieee.org/document/4607357/?arnumber=4607357},
	doi = {10.1109/ICME.2008.4607357},
	urldate = {2024-11-13},
	booktitle = {2008 {IEEE} {International} {Conference} on {Multimedia} and {Expo}},
	author = {Lloyd, D. Brandon and Boyd, Chas and Govindaraju, Naga},
	month = jun,
	year = {2008},
	note = {ISSN: 1945-788X},
	keywords = {Hardware, Discrete Fourier transforms, FFT, GPGPU, Graphics, graphics hardware, Indexes, Kernel, Libraries, Programming},
	pages = {5--8},
	file = {Full Text PDF:/home/knallbob/Zotero/storage/ZA33PCW3/Lloyd et al. - 2008 - Fast computation of general Fourier Transforms on .pdf:application/pdf;IEEE Xplore Abstract Record:/home/knallbob/Zotero/storage/73CACHR8/4607357.html:text/html},
}

@article{dai_widesa_2024,
	title = {{WideSA}: {A} {High} {Array} {Utilization} {Mapping} {Scheme} for {Uniform} {Recurrences} on the {Versal} {ACAP} {Architecture}},
	copyright = {Creative Commons Attribution 4.0 International},
	shorttitle = {{WideSA}},
	url = {https://arxiv.org/abs/2401.16792},
	doi = {10.48550/ARXIV.2401.16792},
	urldate = {2024-03-05},
	author = {Dai, Tuo and Shi, Bizhao and Luo, Guojie},
	year = {2024},
	keywords = {notion, FOS: Computer and information sciences, Hardware Architecture (cs.AR)},
}

@article{andersson_using_2020,
	title = {Using {Rotator} {Transformations} to {Simplify} {FFT} {Hardware} {Architectures}},
	volume = {67},
	issn = {1549-8328, 1558-0806},
	url = {https://ieeexplore.ieee.org/document/9137673/},
	doi = {10.1109/TCSI.2020.3006253},
	number = {12},
	urldate = {2024-03-05},
	journal = {IEEE Transactions on Circuits and Systems I: Regular Papers},
	author = {Andersson, Rikard and Garrido, Mario},
	month = dec,
	year = {2020},
	keywords = {notion},
	pages = {4784--4793},
}

@article{zhang_new_2022,
	title = {A {New} {Multichannel} {Parallel} {Real}-time {FFT} {Algorithm} for a {Solar} {Radio} {Observation} {System} {Based} on {FPGA}},
	volume = {134},
	issn = {0004-6280, 1538-3873},
	url = {https://iopscience.iop.org/article/10.1088/1538-3873/ac5212},
	doi = {10.1088/1538-3873/ac5212},
	number = {1033},
	urldate = {2024-03-05},
	journal = {Publications of the Astronomical Society of the Pacific},
	author = {Zhang, Yuan Y. and Zhang, Lei and Shang, Zi Q. and Su, Yan R. and Wu, Zhao and Yan, Fa B.},
	month = mar,
	year = {2022},
	keywords = {notion},
	pages = {034502},
}

@inproceedings{chahardahcherik_implementing_2011,
	title = {Implementing {FFT} {Algorithms} on {FPGA}},
	url = {https://www.semanticscholar.org/paper/Implementing-FFT-Algorithms-on-FPGA-Chahardahcherik-Kavian/12a3e8dd649eae484f957dba00f372d8fff86685},
	urldate = {2024-03-05},
	author = {Chahardahcherik, A. and Kavian, Y. and Strobel, O. and Rejeb, R.},
	year = {2011},
	keywords = {notion},
}

@inproceedings{saeed_efficient_2009,
	title = {Efficient {FPGA} implementation of {FFT}/{IFFT} {Processor}},
	url = {https://www.semanticscholar.org/paper/Efficient-FPGA-implementation-of-FFT-IFFT-Processor-Saeed-Elbably/07268155508a66c45e061462beacb7d81a4e1d69},
	urldate = {2024-03-05},
	author = {Saeed, Ahmed and Elbably, G. A. and Eladawy, M.},
	year = {2009},
	keywords = {notion},
}

@inproceedings{qureshi_generation_2011,
	address = {Linkoping, Sweden},
	title = {Generation of all radix-2 fast {Fourier} transform algorithms using binary trees},
	isbn = {978-1-4577-0617-2},
	url = {http://ieeexplore.ieee.org/document/6043634/},
	doi = {10.1109/ECCTD.2011.6043634},
	urldate = {2024-03-07},
	booktitle = {2011 20th {European} {Conference} on {Circuit} {Theory} and {Design} ({ECCTD})},
	publisher = {IEEE},
	author = {Qureshi, Fahad and Gustafsson, Oscar},
	month = aug,
	year = {2011},
	keywords = {notion},
	pages = {677--680},
}

@article{cooley_algorithm_1965,
	title = {An algorithm for the machine calculation of complex {Fourier} series},
	volume = {19},
	issn = {0025-5718, 1088-6842},
	url = {https://www.ams.org/mcom/1965-19-090/S0025-5718-1965-0178586-1/},
	doi = {10.1090/S0025-5718-1965-0178586-1},
	language = {en},
	number = {90},
	urldate = {2024-03-08},
	journal = {Mathematics of Computation},
	author = {Cooley, James W. and Tukey, John W.},
	year = {1965},
	keywords = {notion},
	pages = {297--301},
	file = {Full Text:/home/knallbob/Zotero/storage/IZFHCII8/Cooley and Tukey - 1965 - An algorithm for the machine calculation of comple.pdf:application/pdf},
}

@article{wei-hsin_chang_fixed-point_2008,
	title = {On the {Fixed}-{Point} {Accuracy} {Analysis} of {FFT} {Algorithms}},
	volume = {56},
	issn = {1053-587X},
	url = {http://ieeexplore.ieee.org/document/4626107/},
	doi = {10.1109/TSP.2008.924637},
	number = {10},
	urldate = {2024-03-08},
	journal = {IEEE Transactions on Signal Processing},
	author = {{Wei-Hsin Chang} and Nguyen, T.Q.},
	month = oct,
	year = {2008},
	keywords = {notion},
	pages = {4673--4682},
}

@inproceedings{unnikrishnan_multi-channel_2022,
	address = {Austin, TX, USA},
	title = {Multi-{Channel} {FFT} {Architectures} {Designed} via {Folding} and {Interleaving}},
	isbn = {978-1-66548-485-5},
	url = {https://ieeexplore.ieee.org/document/9937347/},
	doi = {10.1109/ISCAS48785.2022.9937347},
	urldate = {2024-03-11},
	booktitle = {2022 {IEEE} {International} {Symposium} on {Circuits} and {Systems} ({ISCAS})},
	publisher = {IEEE},
	author = {Unnikrishnan, Nanda K. and Parhi, Keshab K.},
	month = may,
	year = {2022},
	keywords = {notion},
	pages = {142--146},
	file = {Submitted Version:/home/knallbob/Zotero/storage/RVR9Y3XK/Unnikrishnan and Parhi - 2022 - Multi-Channel FFT Architectures Designed via Foldi.pdf:application/pdf},
}

@book{muller_fundamentals_2015,
	title = {Fundamentals of {Music} {Processing}: {Audio}, {Analysis}, {Algorithms}, {Applications}},
	isbn = {978-3-319-21944-8 978-3-319-21945-5},
	shorttitle = {Fundamentals of {Music} {Processing}},
	url = {https://link.springer.com/10.1007/978-3-319-21945-5},
	language = {en},
	urldate = {2024-03-20},
	publisher = {Springer International Publishing},
	author = {Müller, Meinard},
	year = {2015},
	doi = {10.1007/978-3-319-21945-5},
	keywords = {notion},
    pages = {40--51},
}

@ARTICLE{al,
  author={Álvarez, Yuri and Rodriguez-Vaqueiro, Yolanda and Gonzalez-Valdes, Borja and Mantzavinos, Spiros and Rappaport, Carey M. and Las-Heras, Fernando and Martínez-Lorenzo, José Ángel},
  journal={IEEE Transactions on Microwave Theory and Techniques}, 
  title={Fourier-Based Imaging for Multistatic Radar Systems}, 
  year={2014},
  volume={62},
  number={8},
  pages={1798-1810},
  doi={10.1109/TMTT.2014.2332307}
}


@article{duhamel_fast_1990,
	title = {Fast fourier transforms: {A} tutorial review and a state of the art},
	volume = {19},
	copyright = {https://www.elsevier.com/tdm/userlicense/1.0/},
	issn = {01651684},
	shorttitle = {Fast fourier transforms},
	url = {https://linkinghub.elsevier.com/retrieve/pii/016516849090158U},
	doi = {10.1016/0165-1684(90)90158-U},
	language = {en},
	number = {4},
	urldate = {2024-04-02},
	journal = {Signal Processing},
	author = {Duhamel, P. and Vetterli, M.},
	month = apr,
	year = {1990},
	keywords = {notion},
	pages = {259--299},
	file = {Full Text:/home/knallbob/Zotero/storage/N57KGEC4/Duhamel and Vetterli - 1990 - Fast fourier transforms A tutorial review and a s.pdf:application/pdf},
}

@article{glassman_generalization_1970,
	title = {A {Generalization} of the {Fast} {Fourier} {Transform}},
	volume = {C-19},
	copyright = {https://ieeexplore.ieee.org/Xplorehelp/downloads/license-information/IEEE.html},
	issn = {0018-9340},
	url = {http://ieeexplore.ieee.org/document/1671468/},
	doi = {10.1109/T-C.1970.222875},
	number = {2},
	urldate = {2024-04-03},
	journal = {IEEE Transactions on Computers},
	author = {Glassman, J.A.},
	month = feb,
	year = {1970},
	keywords = {notion},
	pages = {105--116},
}

@article{shannon,
	title = {A {Mathematical} {Theory} of {Communication}},
	volume = {27},
	issn = {00058580},
	url = {https://ieeexplore.ieee.org/document/6773024},
	doi = {10.1002/j.1538-7305.1948.tb01338.x},
	language = {en},
	number = {3},
	urldate = {2024-04-05},
	journal = {Bell System Technical Journal},
	author = {Shannon, C. E.},
	month = jul,
	year = {1948},
	keywords = {notion},
	pages = {379--423},
}

@article{zhu_spectral_2023,
	title = {Spectral {Dual}-{Channel} {Encoding} for {Image} {Dehazing}},
	volume = {33},
	copyright = {https://ieeexplore.ieee.org/Xplorehelp/downloads/license-information/IEEE.html},
	issn = {1051-8215, 1558-2205},
	url = {https://ieeexplore.ieee.org/document/10093791/},
	doi = {10.1109/TCSVT.2023.3264717},
	number = {11},
	urldate = {2024-04-08},
	journal = {IEEE Transactions on Circuits and Systems for Video Technology},
	author = {Zhu, Zhanchen and Zhang, Daokun and Wang, Zhikang and Feng, Siyuan and Duan, Peibo},
	month = nov,
	year = {2023},
	keywords = {notion},
	pages = {6236--6248},
}

@article{bailey_ffts_1990,
	title = {{FFTs} in external or hierarchical memory},
	volume = {4},
	copyright = {http://www.springer.com/tdm},
	issn = {0920-8542, 1573-0484},
	url = {http://link.springer.com/10.1007/BF00162341},
	doi = {10.1007/BF00162341},
	language = {en},
	number = {1},
	urldate = {2024-04-09},
	journal = {The Journal of Supercomputing},
	author = {Bailey, David H.},
	month = mar,
	year = {1990},
	keywords = {notion},
	pages = {23--35},
}

@inproceedings{gentleman_fast_1966,
	address = {San Francisco, California},
	title = {Fast {Fourier} {Transforms}: for fun and profit},
	shorttitle = {Fast {Fourier} {Transforms}},
	url = {http://portal.acm.org/citation.cfm?doid=1464291.1464352},
	doi = {10.1145/1464291.1464352},
	language = {en},
	urldate = {2024-04-09},
	booktitle = {Proceedings of the {November} 7-10, 1966, fall joint computer conference on {XX} - {AFIPS} '66 ({Fall})},
	publisher = {ACM Press},
	author = {Gentleman, W. M. and Sande, G.},
	year = {1966},
	keywords = {notion},
	pages = {563},
	file = {Full Text:/home/knallbob/Zotero/storage/S45I8BJ5/Gentleman and Sande - 1966 - Fast Fourier Transforms for fun and profit.pdf:application/pdf},
}

@article{brown_introduction_1969,
	title = {An introduction to synthetic-aperture radar},
	volume = {6},
	copyright = {https://ieeexplore.ieee.org/Xplorehelp/downloads/license-information/IEEE.html},
	issn = {0018-9235},
	url = {http://ieeexplore.ieee.org/document/5213674/},
	doi = {10.1109/MSPEC.1969.5213674},
	number = {9},
	urldate = {2024-04-29},
	journal = {IEEE Spectrum},
	author = {Brown, William M. and Porcello, Leonard J.},
	month = sep,
	year = {1969},
	keywords = {notion},
	pages = {52--62},
}

@article{jensen_synthetic_2006,
	title = {Synthetic aperture ultrasound imaging},
	volume = {44},
	copyright = {https://www.elsevier.com/tdm/userlicense/1.0/},
	issn = {0041624X},
	url = {https://linkinghub.elsevier.com/retrieve/pii/S0041624X06003374},
	doi = {10.1016/j.ultras.2006.07.017},
	language = {en},
	urldate = {2024-04-29},
	journal = {Ultrasonics},
	author = {Jensen, Jørgen Arendt and Nikolov, Svetoslav Ivanov and Gammelmark, Kim Løkke and Pedersen, Morten Høgholm},
	month = dec,
	year = {2006},
	keywords = {notion},
	pages = {e5--e15},
}

@article{alvarez_fourier-based_2014,
	title = {Fourier-{Based} {Imaging} for {Multistatic} {Radar} {Systems}},
	volume = {62},
	copyright = {https://ieeexplore.ieee.org/Xplorehelp/downloads/license-information/IEEE.html},
	issn = {0018-9480, 1557-9670},
	url = {http://ieeexplore.ieee.org/document/6849511/},
	doi = {10.1109/TMTT.2014.2332307},
	number = {8},
	urldate = {2024-04-29},
	journal = {IEEE Transactions on Microwave Theory and Techniques},
	author = {Alvarez, Yuri and Rodriguez-Vaqueiro, Yolanda and Gonzalez-Valdes, Borja and Mantzavinos, Spiros and Rappaport, Carey M. and Las-Heras, Fernando and Martinez-Lorenzo, Jose Angel},
	month = aug,
	year = {2014},
	pages = {1798--1810},
	file = {Full Text:/home/knallbob/Zotero/storage/HTR8UA9C/Alvarez et al. - 2014 - Fourier-Based Imaging for Multistatic Radar System.pdf:application/pdf},
}

@article{gupta_fourier_2013,
	title = {Fourier {Transform} and {Its} {Application} in {Cell} {Phones}},
	volume = {3},
	language = {en},
	number = {1},
	author = {Gupta, Anupama},
	year = {2013},
}

@inproceedings{dorausch_adoption_2023,
	address = {San Diego, United States},
	title = {Adoption and evaluation of a multistatic {Fourier}-based synthetic aperture radar method for ultrasound imaging},
	isbn = {978-1-5106-6045-8 978-1-5106-6046-5},
	url = {https://www.spiedigitallibrary.org/conference-proceedings-of-spie/12470/2653898/Adoption-and-evaluation-of-a-multistatic-Fourier-based-synthetic-aperture/10.1117/12.2653898.full},
	doi = {10.1117/12.2653898},
	urldate = {2024-04-29},
	booktitle = {Medical {Imaging} 2023: {Ultrasonic} {Imaging} and {Tomography}},
	publisher = {SPIE},
	author = {Dorausch, Edgar M.  G. and Swist, Daniel and Herzog, Moritz and Statz, Christoph and Kober, Julian and Kühnöl, Cornelius and Trittler, Tönnis and Martens, Nora and Brinkmann, Franz and Hampe, Jochen and Fettweis, Gerhard P.},
	editor = {Bottenus, Nick and Boehm, Christian},
	month = apr,
	year = {2023},
	keywords = {notion},
	pages = {32},
}

@article{perrot_so_2021,
	title = {So you think you can {DAS}? {A} viewpoint on delay-and-sum beamforming},
	volume = {111},
	issn = {0041624X},
	shorttitle = {So you think you can {DAS}?},
	url = {https://linkinghub.elsevier.com/retrieve/pii/S0041624X20302444},
	doi = {10.1016/j.ultras.2020.106309},
	language = {en},
	urldate = {2024-04-30},
	journal = {Ultrasonics},
	author = {Perrot, Vincent and Polichetti, Maxime and Varray, François and Garcia, Damien},
	month = mar,
	year = {2021},
	keywords = {notion},
	pages = {106309},
	file = {Full Text:/home/knallbob/Zotero/storage/YNJKB7AI/Perrot et al. - 2021 - So you think you can DAS A viewpoint on delay-and.pdf:application/pdf},
}

@unpublished{Richter_2024, 
    title={Investigation of Real-Time Capabilities of the Qualcomm Snapdragon 8 for a Fourier-based Imaging Algorithm}, 
    author={Richter, Franz}, 
    year={2024},
    note={Bachelor Thesis}
}

@unpublished{Dorausch_2022, 
    title={Investigations of Multistatic Methodsfor Realtime Ultrasound Imaging}, 
    author={Dorausch, Edgar}, 
    year={2022},
    note={Master Thesis}
}

@misc{AMD_a_manuel,
    title = {Zynq UltraScale+ Device Technical Reference Manual (UG1085)},
    howpublished = {\url{https://docs.amd.com/r/en-US/ug1085-zynq-ultrascale-trm/Zynq-UltraScale-Device-Technical-Reference-Manual}},
    note = {Accessed: 05/10/2024},
    year = {2023},
    author = {AMD}
}

@misc{AMD_a_aie_s,
    title = {AI Engine System Software Driver Reference Manual (UG1642)},
    howpublished = {\url{https://docs.amd.com/r/en-US/ug1642-aie-sw-driver-ref/Introduction?tocId=Ck8bmLoM9e66Bs8aXtUSwA}},
    note = {Accessed: 05/10/2024},
    year = {2023},
    author = {AMD}
}

@misc{AMD_a_aie,
    title = {Versal Adaptive SoC AI Engine Architecture Manual (AM009)},
    howpublished = {\url{https://docs.amd.com/r/en-US/am009-versal-ai-engine/AXI4-Stream-Interconnect}},
    note = {Accessed: 05/10/2024},
    year = {2023},
    author = {AMD}
}

@misc{AMD_aie_k,
    title = {AI Engine Kernel and Graph Programming Guide (UG1079)},
    howpublished = {\url{https://docs.amd.com/r/2023.1-English/ug1079-ai-engine-kernel-coding/Overview?tocId=98Yq9wYR5OQXbcs1yMe3NA}},
    note = {Accessed: 05/10/2024},
    year = {2023},
    author = {AMD}
}

@misc{AMD_aie_intrinsics,
    title = {AI Engine Intrinsics User Guide},
    howpublished = {\url{https://www.xilinx.com/htmldocs/xilinx2023_1/aiengine_intrinsics/intrinsics/index.html}},
    note = {Accessed: 10/20/2024},
    year = {2023},
    author = {AMD}
}

@misc{block_by_block,
    title = {Block-by-Block Configurable Fast Fourier Transform Implementation on AI Engine},
    howpublished = {\url{https://fpga.eetrend.com/files/2021-01/wen_zhang_/100061022-119521-xapp1356-fft-ai-engine.pdf}},
    note = {Accessed: 10/20/2024},
    year = {2021},
    author = {AMD}
}

@misc{fft_libs,
    title = {Vitis FFT Libraries},
    howpublished = {\url{https://xilinx.github.io/Vitis_Libraries/dsp/2021.2/user_guide/L2/dsp-lib-func.html#fft-ifft}},
    note = {Accessed: 10/20/2024},
    year = {2023},
    author = {AMD}
}

@misc{vitis_libs,
    title = {Vitis Libraries},
    howpublished = {\url{https://docs.amd.com/r/en-US/Vitis_Libraries/index.html}},
    note = {Accessed: 10/20/2024},
    year = {2023},
    author = {AMD}
}

@misc{xrt,
    title = {Xilinx® Runtime (XRT) Architecture},
    howpublished = {\url{https://xilinx.github.io/XRT/master/html/index.html}},
    note = {Accessed: 10/20/2024},
    year = {2023},
    author = {AMD}
}

@misc{cufft,
	title = {{cuFFT}},
	howpublished = {\url{https://docs.nvidia.com/cuda/cufft/index.html}},
    note = {Accessed: 10/20/2024},
	year = {2024},
    author = {Nvidia}
}

@misc{cufftdx,
    title = {{cuFFTDx}},
    howpublished = {\url{https://docs.nvidia.com/cuda/cufftdx/introduction1.html}},
    note = {Accessed: 10/20/2024},
    year = {2024},
    author = {Nvidia}
}

@article{kim_miniaturization_2022,
	title = {Miniaturization for wearable {EEG} systems: recording hardware and data processing},
	volume = {12},
	issn = {2093-9868, 2093-985X},
	shorttitle = {Miniaturization for wearable {EEG} systems},
	url = {https://link.springer.com/10.1007/s13534-022-00232-0},
	doi = {10.1007/s13534-022-00232-0},
	language = {en},
	number = {3},
	urldate = {2024-11-15},
	journal = {Biomedical Engineering Letters},
	author = {Kim, Minjae and Yoo, Seungjae and Kim, Chul},
	month = aug,
	year = {2022},
	pages = {239--250},
}

@inproceedings{henry_leveraging_2019,
	address = {Kyoto, Japan},
	title = {Leveraging the bfloat16 {Artificial} {Intelligence} {Datatype} {For} {Higher}-{Precision} {Computations}},
	copyright = {https://ieeexplore.ieee.org/Xplorehelp/downloads/license-information/IEEE.html},
	isbn = {978-1-72813-366-9},
	url = {https://ieeexplore.ieee.org/document/8877427/},
	doi = {10.1109/ARITH.2019.00019},
	urldate = {2024-10-30},
	booktitle = {2019 {IEEE} 26th {Symposium} on {Computer} {Arithmetic} ({ARITH})},
	publisher = {IEEE},
	author = {Henry, Greg and Tang, Ping Tak Peter and Heinecke, Alexander},
	month = jun,
	year = {2019},
	keywords = {notion},
	pages = {69--76},
}

@article{jankovic_high-capacity_2020,
	title = {High-{Capacity} {FPGA} {Router} for {Satellite} {Backbone} {Network}},
	volume = {56},
	copyright = {https://creativecommons.org/licenses/by/4.0/legalcode},
	issn = {0018-9251, 1557-9603, 2371-9877},
	url = {https://ieeexplore.ieee.org/document/8890911/},
	doi = {10.1109/TAES.2019.2951187},
	number = {4},
	urldate = {2024-10-30},
	journal = {IEEE Transactions on Aerospace and Electronic Systems},
	author = {Jankovic, Strahinja and Smiljanic, Aleksandra and Vesovic, Mihailo and Redzovic, Hasan and Bezulj, Marija and Radosevic, Andreja and Moro, Slaven},
	month = aug,
	year = {2020},
	keywords = {notion},
	pages = {2616--2627},
}

@article{matsumoto_mersenne_1998,
	title = {Mersenne twister: a 623-dimensionally equidistributed uniform pseudo-random number generator},
	volume = {8},
	issn = {1049-3301, 1558-1195},
	shorttitle = {Mersenne twister},
	url = {https://dl.acm.org/doi/10.1145/272991.272995},
	doi = {10.1145/272991.272995},
	number = {1},
	urldate = {2024-10-30},
	journal = {ACM Transactions on Modeling and Computer Simulation},
	author = {Matsumoto, Makoto and Nishimura, Takuji},
	month = jan,
	year = {1998},
	keywords = {notion},
	pages = {3--30},
}

@article{huang_survey_2020,
	title = {A {Survey} on {Performance} {Optimization} of {High}-{Level} {Synthesis} {Tools}},
	volume = {35},
	issn = {1000-9000, 1860-4749},
	url = {https://link.springer.com/10.1007/s11390-020-9414-8},
	doi = {10.1007/s11390-020-9414-8},
	language = {en},
	number = {3},
	urldate = {2024-10-30},
	journal = {Journal of Computer Science and Technology},
	author = {Huang, Lan and Li, Da-Lin and Wang, Kang-Ping and Gao, Teng and Tavares, Adriano},
	month = may,
	year = {2020},
	keywords = {notion},
	pages = {697--720},
}

@book{streif_embedded_2016,
	address = {Boston Columbus Indianapolis New York Munich},
	series = {Prentice {Hall} open source software development series},
	title = {Embedded {Linux} systems with the {Yocto} {Project}},
	isbn = {978-0-13-344324-0},
	language = {eng},
	publisher = {Prentice Hall},
	author = {Streif, Rudolf},
	year = {2016},
	keywords = {notion},
	file = {Table of Contents PDF:/home/knallbob/Zotero/storage/XE9ZZBXP/Streif - 2016 - Embedded Linux systems with the Yocto Project.pdf:application/pdf},
}

@article{coussy_introduction_2009,
	title = {An {Introduction} to {High}-{Level} {Synthesis}},
	volume = {26},
	copyright = {https://ieeexplore.ieee.org/Xplorehelp/downloads/license-information/IEEE.html},
	issn = {0740-7475},
	url = {http://ieeexplore.ieee.org/document/5209958/},
	doi = {10.1109/MDT.2009.69},
	number = {4},
	urldate = {2024-10-30},
	journal = {IEEE Design \& Test of Computers},
	author = {Coussy, P. and Gajski, D.D. and Meredith, M. and Takach, A.},
	month = jul,
	year = {2009},
	keywords = {notion},
	pages = {8--17},
}

@article{frigo_design_2005,
	title = {The {Design} and {Implementation} of {FFTW3}},
	volume = {93},
	copyright = {https://ieeexplore.ieee.org/Xplorehelp/downloads/license-information/IEEE.html},
	issn = {0018-9219},
	url = {http://ieeexplore.ieee.org/document/1386650/},
	doi = {10.1109/JPROC.2004.840301},
	number = {2},
	urldate = {2024-10-30},
	journal = {Proceedings of the IEEE},
	author = {Frigo, M. and Johnson, S.G.},
	month = feb,
	year = {2005},
	pages = {216--231},
}

@book{churiwala_designing_2017,
	address = {Cham},
	title = {Designing with {Xilinx}® {FPGAs}},
	copyright = {http://www.springer.com/tdm},
	isbn = {978-3-319-42437-8 978-3-319-42438-5},
	url = {http://link.springer.com/10.1007/978-3-319-42438-5},
	language = {en},
	urldate = {2024-10-30},
	publisher = {Springer International Publishing},
	editor = {Churiwala, Sanjay},
	year = {2017},
	doi = {10.1007/978-3-319-42438-5},
	keywords = {notion},
}

@book{szabo_diagnostic_2014,
	address = {Amsterdam Boston},
	edition = {2nd edition},
	series = {{MATLAB} examples},
	title = {Diagnostic ultrasound imaging: inside out},
	isbn = {978-0-12-396487-8},
	shorttitle = {Diagnostic ultrasound imaging},
	language = {eng},
	publisher = {Elsevier/AP, Academic Press is an imprint of Elsevier},
	author = {Szabo, Thomas L.},
	year = {2014},
	keywords = {notion},
}

@article{michalke_overview_2012,
	title = {An overview of emergency ultrasound in the {United} {States}},
	volume = {3},
	issn = {1920-8642},
	url = {http://wjem.com.cn/EN/10.5847/wjem.j.issn.1920-8642.2012.02.001},
	doi = {10.5847/wjem.j.issn.1920-8642.2012.02.001},
	language = {en},
	number = {2},
	urldate = {2024-10-30},
	journal = {World Journal of Emergency Medicine},
	author = {Michalke, Jeremy A.},
	year = {2012},
	keywords = {notion},
	pages = {85},
	file = {Full Text:/home/knallbob/Zotero/storage/R4W9N5JF/Michalke - 2012 - An overview of emergency ultrasound in the United .pdf:application/pdf},
}